<?xml version="1.0" encoding="UTF-8"?><collection xmlns="http://www.loc.gov/MARC21/slim"><record><leader>00559nam--2200193-i-4500</leader><controlfield tag="001">000020769</controlfield><controlfield tag="002">20161230</controlfield><controlfield tag="005">20170103011043</controlfield><controlfield tag="008">060222s1000------------r-----000-0-rum-d</controlfield><datafield ind1=" " ind2=" " tag="040"><subfield code="a">IFIN-HH</subfield></datafield><datafield ind1=" " ind2=" " tag="041"><subfield code="a">rum</subfield></datafield><datafield ind1=" " ind2=" " tag="080"><subfield code="a">539.12.08</subfield></datafield><datafield ind1="1" ind2=" " tag="100"><subfield code="a">Munteanu, Delia</subfield></datafield><datafield ind1="1" ind2="0" tag="245"><subfield code="a">Detectarea, dozimetria si protectia contra radiatiilor</subfield><subfield code="c">Delia Munteanu, Leon Grigorescu</subfield></datafield><datafield ind1=" " ind2=" " tag="260"><subfield code="a">Bucuresti</subfield><subfield code="b">Editura Didactica Si Pedagogica</subfield><subfield code="c">1976</subfield></datafield><datafield ind1=" " ind2=" " tag="300"><subfield code="a">221 p</subfield></datafield><datafield ind1="1" ind2=" " tag="700"><subfield code="a">Grigorescu, Leon Eric</subfield></datafield><datafield ind1=" " ind2=" " tag="852"><subfield code="a">80694</subfield><subfield code="c">539.1.07:539.1.08</subfield></datafield><datafield ind1=" " ind2=" " tag="CAT"><subfield code="a">SYS</subfield><subfield code="c">20170103</subfield><subfield code="h">011043</subfield></datafield></record></collection>